@article{adadi_peeking_2018,
	title = {Peeking {Inside} the {Black}-{Box}: {A} {Survey} on {Explainable} {Artificial} {Intelligence} ({XAI})},
	volume = {6},
	journal = {IEEE Access},
	author = {Adadi, Amina and Berrada, Mohammed},
	year = {2018},
	pages = {52138--52160},
}


@article{teach_analysis_1981,
	title = {An analysis of physician attitudes regarding computer-based clinical consultation systems},
	volume = {14},
	number = {6},
	journal = {Computers and Biomedical Research, an International Journal},
	author = {Teach, R. L. and Shortliffe, E. H.},
	month = dec,
	year = {1981},
	pmid = {7035062},
	pages = {542--558},
}

@inproceedings{ribeiro_why_2016,
	address = {New York, NY, USA},
	series = {{KDD} '16},
	title = {"{Why} {Should} {I} {Trust} {You}?": {Explaining} the {Predictions} of {Any} {Classifier}},
	booktitle = {Proceedings of the 22nd {ACM} {SIGKDD} {International} {Conference} on {Knowledge} {Discovery} and {Data} {Mining}},
	publisher = {Association for Computing Machinery},
	author = {Ribeiro, Marco Tulio and Singh, Sameer and Guestrin, Carlos},
	month = aug,
	year = {2016},
	pages = {1135--1144},
}

@article{guidotti_survey_2019,
	title = {A {Survey} of {Methods} for {Explaining} {Black} {Box} {Models}},
	volume = {51},
	number = {5},
	journal = {ACM Computing Surveys},
	author = {Guidotti, Riccardo and Monreale, Anna and Ruggieri, Salvatore and Turini, Franco and Giannotti, Fosca and Pedreschi, Dino},
	month = sep,
	year = {2019},
	pages = {1--42},
}

@article{lipton_mythos_2018,
	title = {The {Mythos} of {Model} {Interpretability}: {In} machine learning, the concept of interpretability is both important and slippery.},
	volume = {16},
	number = {3},
	urldate = {2024-11-23},
	journal = {Queue},
	author = {Lipton, Zachary C.},
	month = jun,
	year = {2018},
	pages = {31--57},
}

@article{euaia2024,
    title = {Regulation ({EU}) 2024/1689 of the {European} {Parliament} and of the {Council} of 13 {June} 2024 laying down harmonised rules on artificial intelligence and amending {Regulations} ({EC}) {No} 300/2008, ({EU}) {No} 167/2013, ({EU}) {No} 168/2013, ({EU}) 2018/858, ({EU}) 2018/1139 and ({EU}) 2019/2144 and Directives 2014/90/{EU}, ({EU}) 2016/797 and ({EU}) 2020/1828 ({Artificial} {Intelligence} {Act})},
    number = {2024/1689},
    author = {{European Parliament and Council}},
    year = {2024},
    month = {7},
    day = {12},
    journal = {Official Journal of the European Union},
    note = {{PE}/24/2024/{REV}/1}
}

@article{gdpr2016,
    title = {Regulation ({EU}) 2016/679 of the {European} {Parliament} and of the {Council} of 27 April 2016 on the protection of natural persons with regard to the processing of personal data and on the free movement of such data, and repealing {Directive} 95/46/{EC} ({General} {Data} {Protection} {Regulation})},
    number = {2016/679},
    author = {{European Parliament and Council}},
    year = {2016},
    month = {5},
    day = {4},
    journal = {Official Journal of the European Union},
    volume = {L 119},
    pages = {1--88}
}


@book{molnar_interpretable_2022,
	address = {Munich, Germany},
	edition = {Second edition},
	title = {Interpretable machine learning: a guide for making black box models explainable},
	isbn = {9798411463330},
	shorttitle = {Interpretable machine learning},
	publisher = {Christoph Molnar},
	author = {Molnar, Christoph},
	year = {2022},
}

@incollection{kamath_introduction_2021,
	address = {Cham},
	title = {Introduction to {Interpretability} and {Explainability}},
	booktitle = {Explainable {Artificial} {Intelligence}: {An} {Introduction} to {Interpretable} {Machine} {Learning}},
	publisher = {Springer International Publishing},
	author = {Kamath, Uday and Liu, John},
	editor = {Kamath, Uday and Liu, John},
	year = {2021},
	pages = {1--26},
}


@article{apley_visualizing_2020,
	title = {Visualizing the {Effects} of {Predictor} {Variables} in {Black} {Box} {Supervised} {Learning} {Models}},
	volume = {82},
	number = {4},
	journal = {Journal of the Royal Statistical Society Series B: Statistical Methodology},
	author = {Apley, Daniel W. and Zhu, Jingyu},
	month = sep,
	year = {2020},
	pages = {1059--1086},
}

@article{friedman_greedy_2001,
	title = {Greedy {Function} {Approximation}: {A} {Gradient} {Boosting} {Machine}},
	volume = {29},
	number = {5},
	journal = {The Annals of Statistics},
	author = {Friedman, Jerome H.},
	year = {2001},
	pages = {1189--1232},
}

@incollection{molnar_general_2022,
	address = {Cham},
	title = {General {Pitfalls} of {Model}-{Agnostic} {Interpretation} {Methods} for {Machine} {Learning} {Models}},
	booktitle = {{xxAI} - {Beyond} {Explainable} {AI}: {International} {Workshop}, {Held} in {Conjunction} with {ICML} 2020, {July} 18, 2020, {Vienna}, {Austria}, {Revised} and {Extended} {Papers}},
	publisher = {Springer International Publishing},
	author = {Molnar, Christoph and König, Gunnar and Herbinger, Julia and Freiesleben, Timo and Dandl, Susanne and Scholbeck, Christian A. and Casalicchio, Giuseppe and Grosse-Wentrup, Moritz and Bischl, Bernd},
	editor = {Holzinger, Andreas and Goebel, Randy and Fong, Ruth and Moon, Taesup and Müller, Klaus-Robert and Samek, Wojciech},
	year = {2022},
	pages = {39--68},
}


@article{fisher_all_2019,
	title = {All {Models} are {Wrong}, but {Many} are {Useful}: {Learning} a {Variable}’s {Importance} by {Studying} an {Entire} {Class} of {Prediction} {Models} {Simultaneously}},
	journal = {Journal of Machine Learning Research : JMLR},
	author = {Fisher, Aaron and Rudin, Cynthia and Dominici, Francesca},
	year = {2019},
  volume  = {20},
  number  = {177},
  pages   = {1--81},
}

@article{breiman_random_2001,
	title = {Random {Forests}},
	volume = {45},
	number = {1},
	journal = {Machine Learning},
	author = {Breiman, Leo},
	month = oct,
	year = {2001},
	pages = {5--32},
}

@article{loecher_debiasing_2024,
	title = {Debiasing {SHAP} scores in random forests},
	volume = {108},
	number = {2},
	journal = {AStA Advances in Statistical Analysis},
	author = {Loecher, Markus},
	month = jun,
	year = {2024},
	pages = {427--440},
}

@inproceedings{loecher_debiasing_2022,
	address = {Cham},
	title = {Debiasing {MDI} {Feature} {Importance} and {SHAP} {Values} in {Tree} {Ensembles}},
	booktitle = {Machine {Learning} and {Knowledge} {Extraction}},
	publisher = {Springer International Publishing},
	author = {Loecher, Markus},
	editor = {Holzinger, Andreas and Kieseberg, Peter and Tjoa, A. Min and Weippl, Edgar},
	year = {2022},
	pages = {114--129}
}

@InProceedings{molnar_relating_2023,
    author="Molnar, Christoph
    and Freiesleben, Timo
    and K{\"o}nig, Gunnar
    and Herbinger, Julia
    and Reisinger, Tim
    and Casalicchio, Giuseppe
    and Wright, Marvin N.
    and Bischl, Bernd",
    editor="Longo, Luca",
    title="Relating the Partial Dependence Plot and Permutation Feature Importance to the Data Generating Process",
    booktitle="Explainable Artificial Intelligence",
    year="2023",
    publisher="Springer Nature Switzerland",
    address="Cham",
    pages="456--479",
}


@misc{gkolemis_rhale_2023,
	title = {{RHALE}: {Robust} and {Heterogeneity}-aware {Accumulated} {Local} {Effects}},
	shorttitle = {{RHALE}},
	publisher = {arXiv},
	author = {Gkolemis, Vasilis and Dalamagas, Theodore and Ntoutsi, Eirini and Diou, Christos},
	month = sep,
	year = {2023},
	note = {arXiv:2309.11193v1 [cs.LG]},
}

@inproceedings{herbinger_repid_2022,
	title = {{REPID}: {Regional} {Effect} {Plots} with implicit {Interaction} {Detection}},
	booktitle = {Proceedings of {The} 25th {International} {Conference} on {Artificial} {Intelligence} and {Statistics}},
	publisher = {PMLR},
	author = {Herbinger, Julia and Bischl, Bernd and Casalicchio, Giuseppe},
	month = may,
	year = {2022},
	pages = {10209--10233},
}

@inproceedings{lundberg_unified_2017,
	title = {A {Unified} {Approach} to {Interpreting} {Model} {Predictions}},
	volume = {30},
	booktitle = {Advances in {Neural} {Information} {Processing} {Systems}},
	publisher = {Curran Associates, Inc.},
	author = {Lundberg, Scott M and Lee, Su-In},
	year = {2017},
}


@inproceedings{hooker_discovering_2004,
	address = {New York, NY, USA},
	series = {{KDD} '04},
	title = {Discovering additive structure in black box functions},
	booktitle = {Proceedings of the tenth {ACM} {SIGKDD} international conference on {Knowledge} discovery and data mining},
	publisher = {Association for Computing Machinery},
	author = {Hooker, Giles},
	month = aug,
	year = {2004},
	pages = {575--580},
}

@misc{liu_model_2018,
	title = {Model {Interpretation}: {A} {Unified} {Derivative}-based {Framework} for {Nonparametric} {Regression} and {Supervised} {Machine} {Learning}},
	publisher = {arXiv},
	author = {Liu, Xiaoyu and Chen, Jie and Vaughan, Joel and Nair, Vijayan and Sudjianto, Agus},
	month = sep,
	year = {2018},
	note = {arXiv:1808.07216v2 [cs, stat]},
}


@article{goldstein_peeking_2015,
	title = {Peeking {Inside} the {Black} {Box}: {Visualizing} {Statistical} {Learning} {With} {Plots} of {Individual} {Conditional} {Expectation}},
	volume = {24},
	number = {1},
	journal = {Journal of Computational and Graphical Statistics},
	author = {Goldstein, Alex and Kapelner, Adam and Bleich, Justin and Pitkin, Emil},
	month = jan,
	year = {2015},
	pages = {44--65},
}


@article{mehrabi_survey_2021,
	title = {A {Survey} on {Bias} and {Fairness} in {Machine} {Learning}},
	volume = {54},
	number = {6},
	urldate = {2025-01-04},
	journal = {ACM Comput. Surv.},
	author = {Mehrabi, Ninareh and Morstatter, Fred and Saxena, Nripsuta and Lerman, Kristina and Galstyan, Aram},
	year = {2021},
}


@article{geman_neural_1992,
	title = {Neural {Networks} and the {Bias}/{Variance} {Dilemma}},
	volume = {4},
	number = {1},
	journal = {Neural Computation},
	author = {Geman, Stuart and Bienenstock, Elie and Doursat, René},
	year = {1992},
	pages = {1--58},
}
